<?xml version="1.0" encoding="UTF-8"?>
<record xmlns="http://www.loc.gov/MARC21/slim" xmlns:xsi="http://www.w3.org/2001/XMLSchema-instance" xsi:schemaLocation="http://www.loc.gov/MARC21/slim http://www.loc.gov/standards/marcxml/schema/MARC21slim.xsd">
<leader>     nam a2200385 a 4500</leader>
<controlfield tag="001">002174357</controlfield>
<controlfield tag="003">NNU</controlfield>
<controlfield tag="005">20061010172439.0</controlfield>
<controlfield tag="008">940826s1962    sy fh    b    001 0 arard</controlfield>
<datafield tag="010" ind1=" " ind2=" ">
<subfield code="a">ne 67000698</subfield>
</datafield>
<datafield tag="035" ind1=" " ind2=" ">
<subfield code="a">(CStRLIN)NYUG94-B45322</subfield>
</datafield>
<datafield tag="035" ind1="9" ind2=" ">
<subfield code="a">NYUb11205983</subfield>
</datafield>
<datafield tag="040" ind1=" " ind2=" ">
<subfield code="a">PU</subfield>
<subfield code="c">PSt</subfield>
<subfield code="d">CU-SB</subfield>
<subfield code="d">NNU</subfield>
</datafield>
<datafield tag="043" ind1=" " ind2=" ">
<subfield code="a">a-sy---</subfield>
<subfield code="a">a-le---</subfield>
<subfield code="a">a-jo---</subfield>
</datafield>
<datafield tag="066" ind1=" " ind2=" ">
<subfield code="c">(3</subfield>
</datafield>
<datafield tag="090" ind1=" " ind2=" ">
<subfield code="a">DS124</subfield>
<subfield code="b">.I25 1962</subfield>
</datafield>
<datafield tag="100" ind1="1" ind2=" ">
<subfield code="6">880-01</subfield>
<subfield code="a">Ibn Shaddād, Muḥammad ibn ʻAlī,</subfield>
<subfield code="d">1217-1285.</subfield>
</datafield>
<datafield tag="240" ind1="1" ind2="0">
<subfield code="a">Aʻlāq al-khaṭīrah fī dhikr umarāʼ al-Shām wa-al-Jazīrah.</subfield>
<subfield code="n">Qism 2</subfield>
</datafield>
<datafield tag="245" ind1="1" ind2="3">
<subfield code="6">880-02</subfield>
<subfield code="a">al-Aʻlāq al-khaṭīrah fī dhikr umarāʼ al-Shām wa-al-Jazīrah :</subfield>
<subfield code="b">tārīkh Lubnān wa-al-Urdun wa-Filasṭīn /</subfield>
<subfield code="c">li-Ibn Shaddād ʻIzz al-Dīn Abī ʻAbd Allāh Muḥammad ibn ʻAlī ibn Ibrāhīm al-Ḥalabī ; ʻuniya bi-nashrihi wa-taḥqīqihi wa-waḍʻa fahārisaihu Sāmī al-Dahhān.</subfield>
</datafield>
<datafield tag="260" ind1=" " ind2=" ">
<subfield code="6">880-03</subfield>
<subfield code="a">Dimashq :</subfield>
<subfield code="b">al-Maʻhad al-Faransī lil-Dirāsāt al-ʻArabīyah,</subfield>
<subfield code="c">1962 [i.e. 1963]</subfield>
</datafield>
<datafield tag="300" ind1=" " ind2=" ">
<subfield code="a">35, 347 p., 4 leaves of plates :</subfield>
<subfield code="b">facsims. ;</subfield>
<subfield code="c">25 cm.</subfield>
</datafield>
<datafield tag="500" ind1=" " ind2=" ">
<subfield code="a">Title on added t.p.: Liban, Jordanie, Palestine, topographie historique d'Ibn Šaddād.</subfield>
</datafield>
<datafield tag="504" ind1=" " ind2=" ">
<subfield code="a">Includes bibliographical references (p. 335-341) and indexes.</subfield>
</datafield>
<datafield tag="651" ind1=" " ind2="0">
<subfield code="a">Palestine</subfield>
<subfield code="x">Description and travel</subfield>
<subfield code="v">Early works to 1800.</subfield>
</datafield>
<datafield tag="651" ind1=" " ind2="0">
<subfield code="a">Syria</subfield>
<subfield code="x">Description and travel</subfield>
<subfield code="v">Early works to 1800.</subfield>
</datafield>
<datafield tag="651" ind1=" " ind2="0">
<subfield code="a">Lebanon</subfield>
<subfield code="x">Description and travel</subfield>
<subfield code="v">Early works to 1800.</subfield>
</datafield>
<datafield tag="651" ind1=" " ind2="0">
<subfield code="a">Jordan</subfield>
<subfield code="x">Description and travel</subfield>
<subfield code="v">Early works to 1800.</subfield>
</datafield>
<datafield tag="700" ind1="1" ind2=" ">
<subfield code="6">880-04</subfield>
<subfield code="a">Dahhān, Sāmī.</subfield>
</datafield>
<datafield tag="740" ind1="0" ind2=" ">
<subfield code="a">Liban, Jordanie, Palestine, topographie historique d'Ibn Šaddād.</subfield>
</datafield>
<datafield tag="740" ind1="0" ind2=" ">
<subfield code="6">880-05</subfield>
<subfield code="a">Tārīkh Lubnān wa-al-Urdun wa-Filasṭīn.</subfield>
</datafield>
<datafield tag="880" ind1="0" ind2=" ">
<subfield code="6">100-01/</subfield>
<subfield code="a">ابن شداد عز الدين أبي عبد الله محمد بن ابراهيم الحلبي.</subfield>
</datafield>
<datafield tag="880" ind1="1" ind2="2">
<subfield code="6">245-02/</subfield>
<subfield code="a">الأعلاق الخطيرة ذكر أمراء الشام والجزيرة /</subfield>
<subfield code="c">لابن شداد عز الدين أبي عبد الله محمد بن ابراهيم الحلبي ؛ عني بنشره وتحقيقه ووضع فهارسه سامي الدهان.</subfield>
</datafield>
<datafield tag="880" ind1=" " ind2=" ">
<subfield code="6">260-03/</subfield>
<subfield code="a">دمشق :</subfield>
<subfield code="b">المعهد الفرنسي للدراسات العربية،</subfield>
<subfield code="c">١٩٦٢ [i.e. 1963]</subfield>
</datafield>
<datafield tag="880" ind1="0" ind2=" ">
<subfield code="6">700-04/</subfield>
<subfield code="a">سامي الدهان.</subfield>
</datafield>
<datafield tag="880" ind1="0" ind2=" ">
<subfield code="6">740-05/</subfield>
<subfield code="a">تاريخ لبنان والاردن وفلسطين.</subfield>
</datafield>
<datafield tag="OWN" ind1=" " ind2=" ">
<subfield code="a">GENERAL</subfield>
</datafield>
<datafield tag="998" ind1=" " ind2=" ">
<subfield code="a">19940826</subfield>
<subfield code="d">19940826</subfield>
<subfield code="d">20020912</subfield>
<subfield code="n">NNU</subfield>
<subfield code="s">1</subfield>
<subfield code="t">c</subfield>
<subfield code="z">p</subfield>
</datafield>
<datafield tag="AVA" ind1=" " ind2=" ">
<subfield code="a">NYU50</subfield>
<subfield code="b">BOBST</subfield>
<subfield code="c">Main Collection</subfield>
<subfield code="d">DS124 .I25 1962</subfield>
<subfield code="e">unavailable</subfield>
<subfield code="t">Unavailable</subfield>
<subfield code="f">1</subfield>
<subfield code="g">1</subfield>
<subfield code="h">N</subfield>
<subfield code="i">0</subfield>
<subfield code="j">MAIN</subfield>
<subfield code="k">0</subfield>
</datafield>
</record>
